@article{bahrampour2015comparative,
  title={Comparative Study of Deep Learning Software Frameworks},
  author={Bahrampour, Soheil and Ramakrishnan, Naveen and Schott, Lukas and Shah, Mohak},
  journal={arXiv preprint arXiv:1511.06435},
  year={2015}
}

@article{hinton2006reducing,
  title={Reducing the dimensionality of data with neural networks},
  author={Hinton, Geoffrey E and Salakhutdinov, Ruslan R},
  journal={Science},
  volume={313},
  number={5786},
  pages={504--507},
  year={2006},
  publisher={American Association for the Advancement of
    Science}
}

@inproceedings{vincent2008extracting,
  title={Extracting and composing robust features with denoising autoencoders},
  author={Vincent, Pascal and Larochelle, Hugo and Bengio, Yoshua and Manzagol, Pierre-Antoine},
  booktitle={Proceedings of the 25th international conference on Machine learning},
  pages={1096--1103},
  year={2008},
  organization={ACM}
}

@article{lecun1998gradient,
  title={Gradient-based learning applied to document recognition},
  author={LeCun, Yann and Bottou, L{\'e}on and Bengio, Yoshua and Haffner, Patrick},
  journal={Proceedings of the IEEE},
  volume={86},
  number={11},
  pages={2278--2324},
  year={1998},
  publisher={IEEE}
}

@incollection{fischer2012introduction,
  title={An introduction to restricted Boltzmann machines},
  author={Fischer, Asja and Igel, Christian},
  booktitle={Progress in Pattern Recognition, Image Analysis, Computer Vision, and Applications},
  pages={14--36},
  year={2012},
  publisher={Springer}
}

@article{bengio2007greedy,
  title={Greedy layer-wise training of deep networks},
  author={Bengio, Yoshua and Lamblin, Pascal and Popovici, Dan and Larochelle, Hugo and others},
  journal={Advances in neural information processing systems},
  volume={19},
  pages={153},
  year={2007},
  publisher={MIT; 1998}
}

@article{cho2013boltzmann,
  title={Boltzmann machines and denoising autoencoders for image denoising},
  author={Cho, Kyunghyun},
  journal={arXiv preprint arXiv:1301.3468},
  year={2013}
}

@inproceedings{deng2010binary,
  title={Binary coding of speech spectrograms using a deep auto-encoder.},
  author={Deng, Li and Seltzer, Michael L and Yu, Dong and Acero, Alex and Mohamed, Abdel-Rahman and Hinton, Geoffrey E},
  booktitle={Interspeech},
  pages={1692--1695},
  year={2010},
  organization={Citeseer}
}

@article{zhang2016deep,
  title={Deep Learning over Multi-field Categorical Data: A Case Study on
    User Response Prediction},
  author={Zhang, Weinan and Du, Tianming and Wang, Jun},
  journal={arXiv preprint arXiv:1601.02376},
  year={2016}
}

@article{rendle2012factorization,
  title={Factorization machines with libFM},
  author={Rendle, Steffen},
  journal={ACM Transactions on Intelligent Systems and Technology
      (TIST)},
  volume={3},
  number={3},
  pages={57},
  year={2012},
  publisher={ACM}
}

@inproceedings{lee2009convolutional,
  title={Convolutional deep belief networks for scalable unsupervised
    learning of hierarchical representations},
  author={Lee, Honglak and Grosse, Roger and Ranganath, Rajesh and Ng,
    Andrew Y},
  booktitle={Proceedings of the 26th Annual International Conference on
    Machine Learning},
  pages={609--616},
  year={2009},
  organization={ACM}
}

@inproceedings{sutskever2009recurrent,
  title={The recurrent temporal restricted boltzmann machine},
  author={Sutskever, Ilya and Hinton, Geoffrey E and Taylor, Graham W},
  booktitle={Advances in Neural Information Processing Systems},
  pages={1601--1608},
  year={2009}
}

@inproceedings{liao2014ipinyou,
  title={iPinYou global rtb bidding algorithm competition dataset},
  author={Liao, Hairen and Peng, Lingxiao and Liu, Zhenchuan and Shen,
    Xuehua},
  booktitle={Proceedings of the Eighth International Workshop on Data
    Mining for Online Advertising},
  pages={1--6},
  year={2014},
  organization={ACM}
}

@article{fire2015exploring,
  title={Exploring Online Ad Images Using a Deep Convolutional Neural Network
    Approach},
  author={Fire, Michael and Schler, Jonathan},
  journal={arXiv preprint arXiv:1509.00568},
  year={2015}
}
